@BOOK{DHaeseleer_1991,
   author =    {D'Haeseleer, W.D. and Hitchon, W.N.G. and Callen, J.D. and 
	        Shohet, J.L.},
   title =     {Flux Coordinates and Magnetic Field Curvature},
   publisher = {Springer Verlag},
   year =      {1991},
   address =   {New York},
}

@book{arfken_2012,
    author = {Arfken, George B. and Weber, Hans J.},
    day = {31},
    edition = {7},
    howpublished = {Hardcover},
    isbn = {0123846544},
    keywords = {arfken, book},
    month = jan,
    posted-at = {2012-04-13 16:04:21},
    publisher = {{Elsevier}},
    address =   {USA},
    title = {{Mathematical Methods for Physicists, Seventh Edition: A 
              Comprehensive Guide}},
    year = {2012}
}

@book{diverno_1992,
    author = {D'inverno, R.},
    day = {18},
    howpublished = {Paperback},
    isbn = {0198596863},
    keywords = {gr},
    month = jun,
    publisher = {{Oxford University Press}},
    address =   {USA},
    title = {{Introducing Einstein's Relativity}},
    year = {1992}
}

@online{wiki_co_cont,
author = {Wikipedia},
title  = {Covariance and contravariance of vectors},
date   = {2014-12},
url    ={http://en.wikipedia.org/wiki/Covariance_and_contravariance_of_vectors},
note={\href{
http://en.wikipedia.org/wiki/Covariance_and_contravariance_of_vectors}{\small{
\PaperPortrait}}},
}

@online{wiki_co_trans,
author = {Wikipedia},
title  = {Covariant transformation},
date   = {2014-12},
url    ={http://en.wikipedia.org/wiki/Covariant_transformation},
note={\href{http://en.wikipedia.org/wiki/Covariant_transformation}{\small{
\PaperPortrait}}},
}

@online{diverno_url,
author = {Rowe, Glenn},
title  = {D'Inverno - Introducing Einstein's Relativity problems},
date   = {2014-12},
url    ={\divurl},
note={\href{\divurl}{\small{
\PaperPortrait}}},
}

@online{physics_forum,
author = {Physics{ }forum},
title  = {Basis for tangent space and cotangent space},
date   = {2014-12},
url    ={\cotan},
note={\href{\cotan}{\small{
\PaperPortrait}}},
}

@online{wiki_cot_space,
author = {Wikipedia},
title  = {Cotangent space},
date   = {2014-12},
url    ={http://en.wikipedia.org/wiki/Cotangent_space},
note={\href{http://en.wikipedia.org/wiki/Cotangent_space}{\small{
\PaperPortrait}}},
}

@online{mathworld_pseudo,
author = {WolframMathworld},
title  = {Pseudovector},
date   = {2015-1},
url    ={http://mathworld.wolfram.com/Pseudovector.html},
note={\href{http://mathworld.wolfram.com/Pseudovector.html}{\small{
\PaperPortrait}}},
}